
@misc{libml:web,
title = {Official LibML webpage},
note = {http://www.libml.org}
}

%TODO find adress
@misc{libml:mailinglist,
title = {LibML mailing list},
note = {http://www.emptyurl.org}
}

%TODO find adress
@misc{libml:savannah,
title = {LibML Savannah project page},
note = {http://www.emptyurl.org}
}